<?xml version="1.0" encoding="UTF-8"?><record xmlns="http://www.loc.gov/MARC21/slim" xmlns:cinclude="http://apache.org/cocoon/include/1.0" xmlns:zs="http://www.loc.gov/zing/srw/">
  <leader>01287cz  a2200253n  4500</leader>
  <controlfield tag="001">n  89115062 </controlfield>
  <controlfield tag="003">DLC</controlfield>
  <controlfield tag="005">20130319165346.0</controlfield>
  <controlfield tag="008">930930n| azannaabn          |b aaa      </controlfield>
  <datafield tag="010" ind1=" " ind2=" ">
    <subfield code="a">n  89115062 </subfield>
  </datafield>
  <datafield tag="035" ind1=" " ind2=" ">
    <subfield code="a">(OCoLC)oca03466128</subfield>
  </datafield>
  <datafield tag="040" ind1=" " ind2=" ">
    <subfield code="a">DLC</subfield>
    <subfield code="b">eng</subfield>
    <subfield code="e">rda</subfield>
    <subfield code="c">DLC</subfield>
    <subfield code="d">DLC</subfield>
    <subfield code="d">OCoLC</subfield>
    <subfield code="d">DLC</subfield>
  </datafield>
  <datafield tag="046" ind1=" " ind2=" ">
    <subfield code="g">1027</subfield>
  </datafield>
  <datafield tag="100" ind1="1" ind2=" ">
    <subfield code="a">Lālakāʼī, Hibat Allāh ibn al-Ḥasan,</subfield>
    <subfield code="d">-1027</subfield>
  </datafield>
  <datafield tag="400" ind1="0" ind2=" ">
    <subfield code="a">Hibat Allāh ibn al-Ḥasan al-Lālakāʼī,</subfield>
    <subfield code="d">-1027</subfield>
  </datafield>
  <datafield tag="400" ind1="1" ind2=" ">
    <subfield code="w">nnea</subfield>
    <subfield code="a">Lālakāʼī, Hibat Allāh ibn al-Ḥasan,</subfield>
    <subfield code="d">d. 1027</subfield>
  </datafield>
  <datafield tag="400" ind1="1" ind2=" ">
    <subfield code="a">Ṭabarī, Hibat Allāh ibn al-Ḥasan,</subfield>
    <subfield code="d">-1027</subfield>
  </datafield>
  <datafield tag="400" ind1="1" ind2=" ">
    <subfield code="a">لالكائي، هبة الله بن الحسن</subfield>
  </datafield>
  <datafield tag="400" ind1="1" ind2=" ">
    <subfield code="a">لالكائي، هبة الله بن الحسن،</subfield>
    <subfield code="d">-1027</subfield>
  </datafield>
  <datafield tag="400" ind1="1" ind2=" ">
    <subfield code="a">لالكائي، هبة الله بن الحسن،</subfield>
    <subfield code="d">ت. 1027</subfield>
  </datafield>
  <datafield tag="667" ind1=" " ind2=" ">
    <subfield code="a">Machine-derived non-Latin script reference project.</subfield>
  </datafield>
  <datafield tag="667" ind1=" " ind2=" ">
    <subfield code="a">Non-Latin script references not evaluated.</subfield>
  </datafield>
  <datafield tag="670" ind1=" " ind2=" ">
    <subfield code="a">His Sharḥ uṣūl iʻtiqād Ahl al-Sunnah wa-al-jamāʻah, 9, 1992:</subfield>
    <subfield code="b">t.p. (al-Imām Abfu al-Qāsim Hibat Allāh ibn al-Ḥasan al-Ṭabarī al-Lālakāʼī) p. 44 (d. 418 H/1027 or 8 M)</subfield>
  </datafield>
  <datafield tag="670" ind1=" " ind2=" ">
    <subfield code="a">Brockelmann, S. I, p. 308</subfield>
    <subfield code="b">(Abūʼl-Q. Hibatallāh b.al-Ḥ. b. Manṣūr aṭ-Ṭabarī al-Lālakāʼī; d. Ramaḍān 418/Okt. 1027)</subfield>
  </datafield>
</record>